<?xml version="1.0" encoding="UTF-8"?><collection xmlns="http://www.loc.gov/MARC21/slim"><record><leader>00389nam--2200133-i-4500</leader><controlfield tag="001">000040936</controlfield><controlfield tag="002">20161230</controlfield><controlfield tag="005">20161230201042</controlfield><controlfield tag="008">060222s1000------------r-----000-0-eng-d</controlfield><datafield ind1=" " ind2=" " tag="080"><subfield code="a">629.783:621.396.94(061.3)</subfield></datafield><datafield ind1=" " ind2=" " tag="245"><subfield code="a">Scientific and engineering uses of satellite sradio beacons</subfield></datafield><datafield ind1=" " ind2=" " tag="260"><subfield code="a">Warszawa, Polish Scientific Publishers, 1981. Xi + 463 P</subfield></datafield><datafield ind1=" " ind2=" " tag="700"><subfield code="a">A.W.Wernik</subfield></datafield><datafield ind1=" " ind2=" " tag="852"><subfield code="a">70079</subfield></datafield></record></collection>